<record><leader>00000cas a2200000Ma 4500</leader><controlfield tag="001">10769694</controlfield><controlfield tag="008">840524d18uu1851mauwr ne      0    0eng d</controlfield><datafield ind1=" " ind2=" " tag="010"><subfield code="a">sn 84023111 </subfield></datafield><datafield ind1=" " ind2=" " tag="040"><subfield code="a">AQM</subfield><subfield code="b">eng</subfield><subfield code="c">AQM</subfield><subfield code="d">OCLCG</subfield><subfield code="d">OCLCQ</subfield></datafield><datafield ind1="0" ind2=" " tag="130"><subfield code="a">Christian times (Boston, Mass.)</subfield></datafield><datafield ind1="1" ind2="4" tag="245"><subfield code="a">The Christian times.</subfield></datafield><datafield ind1=" " ind2=" " tag="260"><subfield code="a">Boston [Mass.] :</subfield><subfield code="b">Dorus Clarke &amp; Co.</subfield></datafield><datafield ind1=" " ind2=" " tag="300"><subfield code="a">v.</subfield></datafield><datafield ind1=" " ind2=" " tag="310"><subfield code="a">Weekly</subfield></datafield><datafield ind1="1" ind2=" " tag="362"><subfield code="a">Ceased in Oct. 1851.</subfield><subfield code="z">Cf. Congregationalist and Christian times, Oct. 24, 1851.</subfield></datafield><datafield ind1=" " ind2=" " tag="500"><subfield code="a">Editors: D. Clarke, &lt;1850&gt;-1851; J.O. Choules, &lt;1850&gt;-1851; T. Dwight, 1850-1851.</subfield></datafield><datafield ind1=" " ind2=" " tag="500"><subfield code="a">Publishers: Dorus Clarke &amp; S.H. Gooch, 1850-1851.</subfield></datafield><datafield ind1=" " ind2=" " tag="588"><subfield code="a">Description based on: Vol. 5, no. 6 (Feb. 8, 1850).</subfield></datafield><datafield ind1=" " ind2="4" tag="655"><subfield code="a">Religious newspapers.</subfield></datafield><datafield ind1="1" ind2=" " tag="700"><subfield code="a">Clarke, Dorus,</subfield><subfield code="d">1797-1884.</subfield></datafield><datafield ind1="1" ind2=" " tag="700"><subfield code="a">Choules, John Overton,</subfield><subfield code="d">1801-1856.</subfield></datafield><datafield ind1="1" ind2=" " tag="700"><subfield code="a">Dwight, Theodore,</subfield><subfield code="d">1796-1866.</subfield></datafield><datafield ind1=" " ind2=" " tag="752"><subfield code="a">United States</subfield><subfield code="b">Massachusetts</subfield><subfield code="c">Suffolk</subfield><subfield code="d">Boston.</subfield></datafield><datafield ind1="0" ind2="0" tag="780"><subfield code="t">Christian alliance and family visiter</subfield><subfield code="w">(DLC)sn 84023107</subfield></datafield><datafield ind1="0" ind2="7" tag="785"><subfield code="t">Congregationalist (Boston, Mass. : 1849)</subfield><subfield code="w">(OCoLC)7907074</subfield></datafield><datafield ind1="0" ind2="7" tag="785"><subfield code="t">Congregationalist and Christian times</subfield></datafield><datafield ind1="1" ind2=" " tag="029"><subfield code="a">AU@</subfield><subfield code="b">000020228331</subfield></datafield></record>